
<record>
  <controlfield tag="001">273439</controlfield>
  <datafield tag="035" ind1=" " ind2=" ">
    <subfield code="z">D91-01831</subfield>
    <subfield code="9">DESY</subfield>
  </datafield>
  <datafield tag="035" ind1=" " ind2=" ">
    <subfield code="a">Oh:1988kg</subfield>
    <subfield code="9">SPIRESTeX</subfield>
  </datafield>
  <datafield tag="245" ind1=" " ind2=" ">
    <subfield code="a">Lambda and anti-Lambda production from anti-p p collisions at 1.8-TeV center-of-mass energy</subfield>
  </datafield>
  <datafield tag="710" ind1=" " ind2=" ">
    <subfield code="g">E735</subfield>
  </datafield>
</record>