
<record>
  <controlfield tag="001">273437</controlfield>
  <datafield tag="035" ind1=" " ind2=" ">
    <subfield code="z">D91-01828</subfield>
    <subfield code="9">DESY</subfield>
  </datafield>
  <datafield tag="035" ind1=" " ind2=" ">
    <subfield code="a">Stampke:1988ke</subfield>
    <subfield code="9">SPIRESTeX</subfield>
  </datafield>
  <datafield tag="245" ind1=" " ind2=" ">
    <subfield code="a">Measurement of &lt; p(T) &gt; as a function of N(c) at the FNAL p anti-p collider</subfield>
  </datafield>
  <datafield tag="710" ind1=" " ind2=" ">
    <subfield code="g">E735</subfield>
  </datafield>
</record>

</collection>